%----------------------------------------------------------------------------------------
%	BOOK
%----------------------------------------------------------------------------------------

@book{tobias:book,
author = "{Tobias Oetiker} and {Hubert Partl} and {Irene Hyna} and {Elisabeth Schlegl}",
title = "The {N}ot {S}o {S}hort {I}ntroduction to \LaTeX{}2e",
%publisher = "???",
year = "2011",
address = "Switzerland"
%isbn = {1234}
}

@book{kopka:guide,
author = "{Kopka, Helmut}",
title = "Guide to \LaTeX{}",
publisher = "Addison-Wesley",
year = "2004",
address = "Boston",
isbn = {0321173856}
}

%----------------------------------------------------------------------------------------
%	ARTICLE
%----------------------------------------------------------------------------------------

@article{un:udhr,
  author = {international community, United Nations},
  title = {The Universal Declaration of Human Rights},
  url = {http://www.un.org/en/documents/udhr},
  year = 1948
}

%----------------------------------------------------------------------------------------
%	WEB
%----------------------------------------------------------------------------------------

@online{wikipedia:PWM,
	title = "Pulse Width Modulation",
	year = "2018",
	%author = "{???}",
	publisher = "{wikipedia.org}",
	url = "https://en.wikipedia.org/wiki/Pulse-width_modulation",
	lastchecked = "April 23, 2018"
}

@online{wikibooks:latex,
	title = "\LaTeX{}",
	year = "2012",
	author = {various editors},
	publisher = "{wikibooks.org}",
	url = "http://en.wikibooks.org/wiki/LaTeX",
	lastchecked = "November 05, 2012"
}

@online{cy8ckit,
	author = {Cypress Semiconductor Corp.},
	title = {CY8CKIT-059 PSoCÂ® 5LP Prototyping Kit With Onboard Programmer and Debugger},
	lastchecked = {April 24, 2018},
	url = {http://www.cypress.com/documentation/development-kitsboards/cy8ckit-059-psoc-5lp-prototyping-kit-onboard-programmer-and},
}

@online{zumo,
	author = {Pololu},
	title = {Zumo robots and accessories},
	lastchecked = {April 24, 2018},
	url = {https://www.pololu.com/category/129/zumo-robots-and-accessories},
}

@online{wikipedia:PID,
	author = {various editors},
	title = {PID controller},
	date = {24.04.2018},
	url = {https://en.wikipedia.org/wiki/PID_controller},
	urldate = {28.04.2018},
}

@misc{Lectures,
	author = {Timo Leinonen},
	title = {Black board pictures},
	date = {12.04.2018},
}
